<record><leader>00000cas a22000007a 4500</leader><controlfield tag="001">24950249</controlfield><controlfield tag="008">911213d19371937riudn ne      0    0eng d</controlfield><datafield ind1=" " ind2=" " tag="010"><subfield code="a">sn 91070642 </subfield></datafield><datafield ind1=" " ind2=" " tag="040"><subfield code="a">RHN</subfield><subfield code="b">eng</subfield><subfield code="c">RHN</subfield><subfield code="d">OCLCQ</subfield><subfield code="d">OCLCF</subfield><subfield code="d">OCLCO</subfield><subfield code="d">IUL</subfield></datafield><datafield ind1=" " ind2=" " tag="042"><subfield code="a">msc</subfield></datafield><datafield ind1=" " ind2=" " tag="043"><subfield code="a">n-us-ri</subfield></datafield><datafield ind1="0" ind2=" " tag="130"><subfield code="a">Star-tribune (Providence, R.I.)</subfield></datafield><datafield ind1="1" ind2="4" tag="245"><subfield code="a">The star-tribune.</subfield></datafield><datafield ind1=" " ind2=" " tag="260"><subfield code="a">Providence, R.I. :</subfield><subfield code="b">Providence Tribune Co.</subfield></datafield><datafield ind1=" " ind2=" " tag="300"><subfield code="a">v.</subfield></datafield><datafield ind1=" " ind2=" " tag="310"><subfield code="a">Daily (except Sun. and holidays)</subfield></datafield><datafield ind1="0" ind2=" " tag="362"><subfield code="a">Vol. 35, no. 80 (Apr. 5, 1937)-v. 35, no. 297 (Dec. 21, 1937).</subfield></datafield><datafield ind1=" " ind2="0" tag="651"><subfield code="a">Providence (R.I.)</subfield><subfield code="v">Newspapers.</subfield></datafield><datafield ind1=" " ind2="7" tag="651"><subfield code="a">Rhode Island</subfield><subfield code="z">Providence.</subfield><subfield code="2">fast</subfield><subfield code="0">(OCoLC)fst01204977</subfield></datafield><datafield ind1=" " ind2="7" tag="655"><subfield code="a">Newspapers.</subfield><subfield code="2">fast</subfield><subfield code="0">(OCoLC)fst01423814</subfield></datafield><datafield ind1=" " ind2=" " tag="752"><subfield code="a">United States</subfield><subfield code="b">Rhode Island</subfield><subfield code="c">Providence</subfield><subfield code="d">Providence.</subfield></datafield><datafield ind1="0" ind2="4" tag="780"><subfield code="t">Rhode Island star</subfield><subfield code="w">(DLC)sn 91070641</subfield><subfield code="w">(OCoLC)24949734</subfield></datafield><datafield ind1="0" ind2="4" tag="780"><subfield code="t">News-tribune (Providence, R.I.)</subfield><subfield code="w">(DLC)sn 91070638</subfield><subfield code="w">(OCoLC)24949649</subfield></datafield><datafield ind1="0" ind2="0" tag="785"><subfield code="t">Tribune (Providence, R.I.)</subfield><subfield code="w">(DLC)sn 91070643</subfield><subfield code="w">(OCoLC)24949815</subfield></datafield><datafield ind1="1" ind2=" " tag="029"><subfield code="a">AU@</subfield><subfield code="b">000025872051</subfield></datafield></record>